<record xmlns="http://www.loc.gov/MARC21/slim">
  <leader>02356cjm a2200469Ia 4500</leader>
  <controlfield tag="001">u6110378</controlfield>
  <controlfield tag="003">SIRSI</controlfield>
  <controlfield tag="005">20130807153132.0</controlfield>
  <controlfield tag="007">sd fsngnnmmnee</controlfield>
  <controlfield tag="008">931210r19901974caumunn           n eng d</controlfield>
  <datafield tag="020" ind1=" " ind2=" ">
    <subfield code="c">$11.98</subfield>
  </datafield>
  <datafield tag="024" ind1="1" ind2=" ">
    <subfield code="a">076743136528</subfield>
  </datafield>
  <datafield tag="028" ind1="0" ind2="2">
    <subfield code="a">MCAD-31365</subfield>
    <subfield code="b">MCA</subfield>
  </datafield>
  <datafield tag="033" ind1=" " ind2="0">
    <subfield code="b">4364</subfield>
    <subfield code="c">T6</subfield>
  </datafield>
  <datafield tag="035" ind1=" " ind2=" ">
    <subfield code="a">(OCoLC)29463381</subfield>
  </datafield>
  <datafield tag="040" ind1=" " ind2=" ">
    <subfield code="a">OCO</subfield>
    <subfield code="b">eng</subfield>
    <subfield code="c">OCO</subfield>
    <subfield code="d">MLCPP</subfield>
    <subfield code="d">OBE</subfield>
    <subfield code="d">OCLCQ</subfield>
    <subfield code="d">BTS</subfield>
  </datafield>
  <datafield tag="041" ind1="0" ind2=" ">
    <subfield code="d">eng</subfield>
  </datafield>
  <datafield tag="047" ind1=" " ind2=" ">
    <subfield code="a">rc</subfield>
    <subfield code="a">pp</subfield>
  </datafield>
  <datafield tag="050" ind1="1" ind2="4">
    <subfield code="a">M1630.18.R94</subfield>
    <subfield code="b">R34 199-</subfield>
  </datafield>
  <datafield tag="082" ind1="0" ind2="4">
    <subfield code="a">781.644</subfield>
    <subfield code="2">22</subfield>
  </datafield>
  <datafield tag="110" ind1="2" ind2=" ">
    <subfield code="a">Rufus (Musical group),</subfield>
    <subfield code="e">performer.</subfield>
  </datafield>
  <datafield tag="245" ind1="1" ind2="0">
    <subfield code="a">Rags to Rufus</subfield>
    <subfield code="h">[sound recording] /</subfield>
    <subfield code="c">Rufus.</subfield>
  </datafield>
  <datafield tag="260" ind1=" " ind2=" ">
    <subfield code="a">Hollywood, Calif. :</subfield>
    <subfield code="b">MCA,</subfield>
    <subfield code="c">[1990]</subfield>
  </datafield>
  <datafield tag="300" ind1=" " ind2=" ">
    <subfield code="a">1 sound disc :</subfield>
    <subfield code="b">digital ;</subfield>
    <subfield code="c">4 3/4 in.</subfield>
  </datafield>
  <datafield tag="500" ind1=" " ind2=" ">
    <subfield code="a">Popular music.</subfield>
  </datafield>
  <datafield tag="511" ind1="0" ind2=" ">
    <subfield code="a">Rufus (Chaka Khan, lead and background vocals ; Dennis Belfield, bass, background vocals ; Andre Fischer, drums, percussion, background vocals ; Kevin Murphy, organ, clavinette, background vocals ; Al Ciner, electric &amp; acoustic guitars, background vocals ; Ron Stockert, lead and background vocals, keyboards).</subfield>
  </datafield>
  <datafield tag="508" ind1=" " ind2=" ">
    <subfield code="a">Produced by Bob Monaco and Rufus.</subfield>
  </datafield>
  <datafield tag="500" ind1=" " ind2=" ">
    <subfield code="a">&quot;Featuring Chaka Khan&quot;--Container.</subfield>
  </datafield>
  <datafield tag="518" ind1=" " ind2=" ">
    <subfield code="a">Recorded at Quantum Studios, Torrance, Calif.</subfield>
  </datafield>
  <datafield tag="500" ind1=" " ind2=" ">
    <subfield code="a">Compact disc.</subfield>
  </datafield>
  <datafield tag="500" ind1=" " ind2=" ">
    <subfield code="a">Originally released by ABC Records in 1974 as an analog recording.</subfield>
  </datafield>
  <datafield tag="505" ind1="0" ind2=" ">
    <subfield code="a">You got the love / Chaka Khan, Ray Parker, Jr. (4:38) -- I got the right street (but the wrong direction) / Ron Stockert (3:14) -- Walkin&apos; in the sun / Jeff Barry (2:59) -- Rags to Rufus : instrumental (4:02) ; Swing down chariot (4:21) -- Sideways : instrumental (1:44) / Kevin Murphy, Andre Fischer, Chaka Khan, Ron Stockert, Dennis Belfield, Al Ciner -- Ain&apos;t nothin&apos; but a maybe / Nickolas Ashford, Valerie Simpson (3:33) -- Tell me something good / Stevie Wonder (4:36) -- Look through my eyes (3:07) ; In love we grow (2:36) -- Smokin&apos; room (4:20) / Dennis Belfield.</subfield>
  </datafield>
  <datafield tag="650" ind1=" " ind2="0">
    <subfield code="a">Soul music.</subfield>
  </datafield>
  <datafield tag="650" ind1=" " ind2="0">
    <subfield code="a">Rhythm and blues music.</subfield>
  </datafield>
  <datafield tag="650" ind1=" " ind2="0">
    <subfield code="a">Rock music</subfield>
    <subfield code="y">1971-1980.</subfield>
  </datafield>
  <datafield tag="650" ind1=" " ind2="0">
    <subfield code="a">Popular music</subfield>
    <subfield code="y">1971-1980.</subfield>
  </datafield>
  <datafield tag="700" ind1="1" ind2=" ">
    <subfield code="a">Khan, Chaka,</subfield>
    <subfield code="e">singer.</subfield>
  </datafield>
  <datafield tag="994" ind1=" " ind2=" ">
    <subfield code="a">Z0</subfield>
    <subfield code="b">VA@</subfield>
  </datafield>
  <datafield tag="596" ind1=" " ind2=" ">
    <subfield code="a">12</subfield>
  </datafield>
  <datafield tag="999" ind1=" " ind2=" ">
    <subfield code="a">CD 25959</subfield>
    <subfield code="w">ALPHANUM</subfield>
    <subfield code="c">1</subfield>
    <subfield code="i">X030314527</subfield>
    <subfield code="d">8/19/2013</subfield>
    <subfield code="e">8/14/2013</subfield>
    <subfield code="j">2</subfield>
    <subfield code="l">CIRCDESK</subfield>
    <subfield code="m">MUSIC</subfield>
    <subfield code="r">Y</subfield>
    <subfield code="s">Y</subfield>
    <subfield code="t">MUSIC-CD</subfield>
    <subfield code="u">8/7/2013</subfield>
    <subfield code="x">MEMBERCOPY</subfield>
    <subfield code="z">RUSH</subfield>
  </datafield>
</record>
